@inproceedings{PT98,
 author = {Pierce, Benjamin C. and Turner, David N.},
 title = {Local type inference},
 booktitle = {Proceedings of the 25th ACM SIGPLAN-SIGACT symposium on Principles of programming languages},
 series = {POPL '98},
 year = {1998},
 location = {San Diego, California, United States},
 pages = {252--265}
}

@article{OZZ01,
    author = "Martin Odersky and Matthias Zenger and Christoph Zenger",
    title = "Colored local type inference",
    journal = "Proc. 28th  ACM Symposium on Principles of Programming Languages",
    volume = "36",
    number = "3",
    pages = "41--53",
    year = "2001",
    xnote = "citeseer.ist.psu.edu/article/odersky01colored.html" }


@InProceedings{plue09_1,
  author = 	 {Martin Pl{\"u}micke},
  title = 	 {Java type unification with wildcards},
  booktitle = 	 {17th International Conference, INAP 2007, and 21st Workshop on Logic Programming, WLP 2007, W\"urzburg, Germany, October 4-6, 2007, Revised Selected Papers},
  year = 	 {2009},
  editor = 	 {Dietmar Seipel and Michael Hanus and Armin Wolf},
  Volume = 	 {5437},
  publisher =    {Springer-Verlag Heidelberg},
  pages =     {223--240},
  SERIES       = {Lecture Notes in Artificial Intelligence}
}

@article{DM82,
    author={Luis Damas and Robin Milner},
    title={Principal type-schemes for functional programs},
    journal={Proc. 9th Symposium on Principles of Programming Languages},
    year={1982}
}

@article{Rob65,
    author={J. A. Robinson},
    title={A Machine-Oriented Logic Based on the Resolution Principle},
    journal={Journal of ACM},
    volume={12(1)},
    pages={23-41},
    month=Jan,
    year={1965}}

@article{MM82,
    author={A. Martelli and U. Montanari},
    title={An Efficient Unification Algorithm},
    journal={ACM Transactions on Programming Languages and Systems},
    volume={4},
    pages={258-282},
    year={1982}}

@InProceedings{Plue07_3,
  author = 	 {Martin Pl{\"u}micke},
  title = 	 {Typeless {P}rogramming in \textsf{{J}ava 5.0} with {W}ildcards},
  booktitle = 	 {5th {I}nternational {C}onference on {P}rinciples and {P}ractices of {P}rogramming in {J}ava},
  pages = 	 {73--82},
  year = 	 {2007},
  editor = 	 {Vasco Amaral and Lu\'is Veiga and Lu\'is Marcelino and H. Conrad Cunningham},
  series = 	 {ACM International Conference Proceeding Series},
  volume = 	 {272},
  month = 	 {September}
}

@inproceedings{plue15_2,
  author    = {Martin Pl{\"{u}}micke},
  title     = {More Type Inference in {J}ava 8},
  booktitle = {Perspectives of System Informatics - 9th International Ershov Informatics
               Conference, {PSI} 2014, St. Petersburg, Russia, June 24-27, 2014.
               Revised Selected Papers},
  editor    = {Andrei Voronkov and Irina Virbitskaite},
  volume = 	 {8974},
  series    = {Lecture Notes in Computer Science},
  pages     = {248--256},
  year      = {2015},
  publisher = {Springer}
}

@phdthesis{GS89,
    author = "Gert Smolka",
    title = "Logic Programming over Polymorphically Order-Sorted Types",
    school = {Department Informatik, University of Kaisers\-lautern},
    address = {Kaiserslautern, Germany},
    month = may,
    year = 1989
}

@Article{MH91,
  author = 	 "Michael Hanus",
  title = 	 "Parametric order-sorted types in logic programming",
  journal = 	 "Proc. TAPSOFT 1991",
  year = 	 "1991",
  volume = 	 "LNCS",
  number = 	 "394",
  pages = 	 "181--200"
}

@inproceedings{CB95,
    author = "Christoph Beierle",
    title = "Type Inferencing for Polymorphic Order-Sorted Logic Programs",
    booktitle = "International Conference on Logic Programming",
    pages = "765-779",
    year = "1995",
    OPturl = "citeseer.ist.psu.edu/beierle95type.html" }

@incollection{HiTo92,
  author    = {Patricia M. Hill and Rodney W. Topor},
  editor    = {Frank Pfenning},
  title     = {A {S}emantics for {T}yped {L}ogic {P}rograms},
  booktitle = {Types in Logic Programming},
  year      = {1992},
  pages     = {1-62},
  publisher = {MIT Press},
  bibsource = {DBLP, http://dblp.uni-trier.de}
}




