@article{DBLP:journals/toplas/IgarashiPW01,
  author    = {Atsushi Igarashi and
               Benjamin C. Pierce and
               Philip Wadler},
  title     = {Featherweight Java: a minimal core calculus for Java and {GJ}},
  journal   = {{ACM} Trans. Program. Lang. Syst.},
  volume    = {23},
  number    = {3},
  pages     = {396--450},
  year      = {2001},
  XXXurl       = {https://doi.org/10.1145/503502.503505},
  doi       = {10.1145/503502.503505},
  timestamp = {Tue, 06 Nov 2018 12:51:29 +0100},
  biburl    = {https://dblp.org/rec/journals/toplas/IgarashiPW01.bib},
  bibsource = {dblp computer science bibliography, https://dblp.org}
}
